@online{AmazonRDS,
  author = {Amazon Web Services},
  title = {Was ist Amazon Relational Database Service (Amazon RDS)?},
  year = 2020,
  url = {https://aws.amazon.com/de/rds/},
  urldate = {2020-05-30}
}